%YAML 1.1
%TAG !u! tag:unity3d.com,2011:
--- !u!1 &6681615467927966672
GameObject:
  m_ObjectHideFlags: 0
  m_CorrespondingSourceObject: {fileID: 0}
  m_PrefabInstance: {fileID: 0}
  m_PrefabAsset: {fileID: 0}
  serializedVersion: 6
  m_Component:
  - component: {fileID: 2878673689229362609}
  - component: {fileID: 8971982559388723785}
  - component: {fileID: 1784248399495305427}
  - component: {fileID: 2416098893164219519}
  - component: {fileID: 6772792570038645407}
  - component: {fileID: 2931295137779712444}
  - component: {fileID: 1777053015999406029}
  m_Layer: 0
  m_Name: ForceFieldSabotageTemp
  m_TagString: Untagged
  m_Icon: {fileID: 0}
  m_NavMeshLayer: 0
  m_StaticEditorFlags: 0
  m_IsActive: 1
--- !u!4 &2878673689229362609
Transform:
  m_ObjectHideFlags: 0
  m_CorrespondingSourceObject: {fileID: 0}
  m_PrefabInstance: {fileID: 0}
  m_PrefabAsset: {fileID: 0}
  m_GameObject: {fileID: 6681615467927966672}
  m_LocalRotation: {x: 0, y: 0, z: 0, w: 1}
  m_LocalPosition: {x: -3.98, y: 0, z: -9.8}
  m_LocalScale: {x: 3, y: 3, z: 3}
  m_Children: []
  m_Father: {fileID: 0}
  m_RootOrder: 0
  m_LocalEulerAnglesHint: {x: 0, y: 0, z: 0}
--- !u!33 &8971982559388723785
MeshFilter:
  m_ObjectHideFlags: 0
  m_CorrespondingSourceObject: {fileID: 0}
  m_PrefabInstance: {fileID: 0}
  m_PrefabAsset: {fileID: 0}
  m_GameObject: {fileID: 6681615467927966672}
  m_Mesh: {fileID: 10207, guid: 0000000000000000e000000000000000, type: 0}
--- !u!23 &1784248399495305427
MeshRenderer:
  m_ObjectHideFlags: 0
  m_CorrespondingSourceObject: {fileID: 0}
  m_PrefabInstance: {fileID: 0}
  m_PrefabAsset: {fileID: 0}
  m_GameObject: {fileID: 6681615467927966672}
  m_Enabled: 1
  m_CastShadows: 1
  m_ReceiveShadows: 1
  m_DynamicOccludee: 1
  m_MotionVectors: 1
  m_LightProbeUsage: 1
  m_ReflectionProbeUsage: 1
  m_RayTracingMode: 2
  m_RayTraceProcedural: 0
  m_RenderingLayerMask: 257
  m_RendererPriority: 0
  m_Materials:
  - {fileID: 2100000, guid: 17935852b3c1f3842a2d7937b9f08f9f, type: 2}
  m_StaticBatchInfo:
    firstSubMesh: 0
    subMeshCount: 0
  m_StaticBatchRoot: {fileID: 0}
  m_ProbeAnchor: {fileID: 0}
  m_LightProbeVolumeOverride: {fileID: 0}
  m_ScaleInLightmap: 1
  m_ReceiveGI: 1
  m_PreserveUVs: 0
  m_IgnoreNormalsForChartDetection: 0
  m_ImportantGI: 0
  m_StitchLightmapSeams: 1
  m_SelectedEditorRenderState: 3
  m_MinimumChartSize: 4
  m_AutoUVMaxDistance: 0.5
  m_AutoUVMaxAngle: 89
  m_LightmapParameters: {fileID: 0}
  m_SortingLayerID: 0
  m_SortingLayer: 0
  m_SortingOrder: 0
  m_AdditionalVertexStreams: {fileID: 0}
--- !u!135 &2416098893164219519
SphereCollider:
  m_ObjectHideFlags: 0
  m_CorrespondingSourceObject: {fileID: 0}
  m_PrefabInstance: {fileID: 0}
  m_PrefabAsset: {fileID: 0}
  m_GameObject: {fileID: 6681615467927966672}
  m_Material: {fileID: 0}
  m_IsTrigger: 0
  m_Enabled: 1
  serializedVersion: 2
  m_Radius: 0.5
  m_Center: {x: 0, y: 0, z: 0}
--- !u!114 &6772792570038645407
MonoBehaviour:
  m_ObjectHideFlags: 0
  m_CorrespondingSourceObject: {fileID: 0}
  m_PrefabInstance: {fileID: 0}
  m_PrefabAsset: {fileID: 0}
  m_GameObject: {fileID: 6681615467927966672}
  m_Enabled: 1
  m_EditorHideFlags: 0
  m_Script: {fileID: 11500000, guid: 6257b736e3a11d84eb590cd564b4a8ac, type: 3}
  m_Name: 
  m_EditorClassIdentifier: 
  boomer: 0
  flippable: 1
  partParent: {fileID: 0}
  vent: {fileID: 0}
  flip: {fileID: 0}
--- !u!114 &2931295137779712444
MonoBehaviour:
  m_ObjectHideFlags: 0
  m_CorrespondingSourceObject: {fileID: 0}
  m_PrefabInstance: {fileID: 0}
  m_PrefabAsset: {fileID: 0}
  m_GameObject: {fileID: 6681615467927966672}
  m_Enabled: 1
  m_EditorHideFlags: 0
  m_Script: {fileID: 11500000, guid: 36fd3e8872f81fb4ea8d9261de823b09, type: 3}
  m_Name: 
  m_EditorClassIdentifier: 
  targetTile: {fileID: 6478967169334439395, guid: d526047fe56f2224c8f643dd8eb8f994, type: 3}
  highlightTargetTile: {fileID: 1578218512929402937, guid: 248d44468b7b1844f807a300bfc65cc3, type: 3}
  baseTile: {fileID: 3158651410827280809, guid: 3eb35ff95d4f6ea4a80d36d2ec862de4, type: 3}
  highlightBaseTile: {fileID: 2450083809752647926, guid: 2507eea09ba67e8419649ff4a5ccb0ed, type: 3}
  backgroundPiece: {fileID: 0}
  successPiece: {fileID: 0}
  failurePiece: {fileID: 0}
  tiles: []
  inTarget: 0
  curTarget: 1
  targetStart: 2
  runGame: 0
  timeLength: 0.07
--- !u!114 &1777053015999406029
MonoBehaviour:
  m_ObjectHideFlags: 0
  m_CorrespondingSourceObject: {fileID: 0}
  m_PrefabInstance: {fileID: 0}
  m_PrefabAsset: {fileID: 0}
  m_GameObject: {fileID: 6681615467927966672}
  m_Enabled: 1
  m_EditorHideFlags: 0
  m_Script: {fileID: 11500000, guid: 6b5bceea73e57e04096b7177a10889be, type: 3}
  m_Name: 
  m_EditorClassIdentifier: 
  lookDirection: {fileID: 6681615467927966672}
  workingTime: 0
  emitter: {fileID: 0}
  isSabotaged: 0
  partParent: {fileID: 0}
  targetPosition: {x: 0, y: 1.5, z: 0}
